<record><leader>00000cas a22000007a 4500</leader><controlfield tag="001">19739205</controlfield><controlfield tag="008">890519u197uuuuumduwr ne      0    0eng d</controlfield><datafield ind1=" " ind2=" " tag="010"><subfield code="a">sn 89061505 </subfield></datafield><datafield ind1=" " ind2=" " tag="040"><subfield code="a">MFN</subfield><subfield code="b">eng</subfield><subfield code="c">MFN</subfield><subfield code="d">OCLCQ</subfield></datafield><datafield ind1=" " ind2=" " tag="042"><subfield code="a">msc</subfield></datafield><datafield ind1=" " ind2="4" tag="050"><subfield code="a">AN41.68</subfield><subfield code="b">.S4</subfield></datafield><datafield ind1="0" ind2="4" tag="245"><subfield code="a">The sentinel southern Prince George's.</subfield></datafield><datafield ind1="1" ind2="7" tag="246"><subfield code="a">Sentinel Prince George's</subfield></datafield><datafield ind1=" " ind2=" " tag="260"><subfield code="a">Hyattsville, Md. :</subfield><subfield code="b">Morkap Pub. Co.</subfield></datafield><datafield ind1=" " ind2=" " tag="300"><subfield code="a">v.</subfield></datafield><datafield ind1=" " ind2=" " tag="310"><subfield code="a">Weekly</subfield></datafield><datafield ind1=" " ind2=" " tag="588"><subfield code="a">Description based on: 3rd year, no. 29 (Jan. 7, 1976).</subfield></datafield><datafield ind1=" " ind2=" " tag="752"><subfield code="a">United States</subfield><subfield code="b">Maryland</subfield><subfield code="c">Prince George's</subfield><subfield code="d">Hyattsville.</subfield></datafield><datafield ind1="0" ind2=" " tag="775"><subfield code="t">Sentinel Prince George's (Hyattsville, Md.)</subfield><subfield code="w">(DLC)sn 89061504</subfield></datafield><datafield ind1="1" ind2=" " tag="029"><subfield code="a">AU@</subfield><subfield code="b">000025849255</subfield></datafield></record>